@article{van2018autonomous,
    title={Autonomous vehicle perception: The technology of today and tomorrow},
    author={Van Brummelen, Jessica and Oâ€™Brien, Marie and Gruyer, Dominique and Najjaran, Homayoun},
    journal={Transportation research part C: emerging technologies},
    volume={89},
    pages={384--406},
    year={2018},
    publisher={Elsevier}
}
